
@Article{bigg_1953,
  author =	{E. K. Bigg},
  title  =	{The formation of atmospheric ice crystals by the freezing of droplets.},
  journal=	{Quarterly Journal of the Royal Meteorological Society},
  year  =	1953,
  volume =	79,
  pages  =	{510-519},
}

@Article{bott_1989,
  author =	{A. Bott},
  title  =	{A Positive Definite Advection Scheme Obtained by Nonlinear Renormalization of the Advective Fluxes},
  journal=	{Monthly Weather Review},
  year  =	1989,
  volume =	117,
  pages  =	{833-853},
}

@Article{bott_1998,
  author =	{A. Bott},
  title  =	{A flux method for the numerical solution of the stochastic collection equation.},
  journal=	{Journal of the Atmospheric Sciences},
  year  =	1998,
  volume =	55,
  pages  =	{2284-2293},
}

@Article{golovin_1963,
  author =	{A. M. Golovin},
  title  =	{The solution of the coagulation equation for cloud droplets in arising air current},
  journal=	{Bull. Acad. Sci., USSR, Geophys. Ser. X},
  year  =	1963,
  volume =	5,
  pages  =	{833-853},
}

@Article{long_1974,
  author =	{A. Long},
  title  =	{Solutions to the droplet collection equation for polynomial kernels},
  journal=	{Journal of the Atmospheric Sciences},
  year  =	1974,
  volume =	31,
  pages  =	{1041-1052},
}
@Book{pk_1997,
  author       = {H. R. Pruppacher and J. D. Klett},
  title	       = {Microphysics of Clouds and Precipitation,
                  2nd edition},
  publisher    = {Lkuwer Academic Publishers},
  year	       = 1997,
  address      = {}
}

@Book{ry_1989,
  author       = {R. R. Rogers and M. K. Yau},
  title	       = {Short Course in Cloud Physics,
                  3rd edition},
  publisher    = {Butterworth-Heinemann, Elsevier},
  year	       = 1989,
  address      = {Unitate States}
}

@Article{sato_etal_2009,
  author =	{Y. Sato and T. Nakajima and K. Suzuki and T. Iguchi},
  title  =	{Application of a Monte Carlo integration method to collision and coagulation growth processes of hydrometeors in a bin-type model},
  journal=	{Journal of Geophysical Research},
  year  =	2009,
  volume =	114,
  pages  =	{D09215, doi:10.1029/2008JD011247},
}

@Article{sn_2014,
  author =	{Seiki, T. and T. Nakajima},
  title  =	{Aerosol Effects of the Condensation Process on a Convective Cloud Simulation},
  journal=	{Journal of the Atmospheric Sciences},
  year  =	2014,
  volume =	71,
  pages  =	{833-853},
}

@Article{suzuki_etal_2010,
  author =	{Kentaroh, S. and T. Nakajima and T. Y. Nakajima and A. P. Khain},
  title  =	{Aerosol Effects of the Condensation Process on a Convective Cloud Simulation},
  journal=	{Journal of the Atmospheric Sciences},
  year  =	2010,
  volume =	67,
  pages  =	{1126-1141},
}
