%%%---A---%%%
@Article{abe_etal_2013,
  author = {T. Abe and T. Maeda and M. Sato},
  year   = 2013,
  title  = {Model checking stencil computations written in a partitioned global address space language},
  journal = {In Proceedings of the 18th Workshop on High-Level Parallel Programming Models and Supportive Environments, Cambridge.},
  pages  = {365-374},
}

%%%---B---%%%
@Article{beljaars_1991,
  author =	{A. C. M. Beljaars and A. A. M. Holtslag},
  title  =	{Flux parameterization over land surfaces for atmospheric models},
  journal=	{J. Appl. Meteor.},
  year  =	1991,
  volume =	30,
  pages  =	{327–341},
}
@Article{bigg_1953,
  author =	{E. K. Bigg},
  title  =	{The formation of atmospheric ice crystals by the freezing of droplets.},
  journal=	{Quarterly Journal of the Royal Meteorological Society},
  year  =	1953,
  volume =	79,
  pages  =	{510-519},
}
@Article{bott_1989,
  author =	{A. Bott},
  title  =	{A Positive Definite Advection Scheme Obtained by Nonlinear Renormalization of the Advective Fluxes},
  journal=	{Monthly Weather Review},
  year  =	1989,
  volume =	117,
  pages  =	{833-853},
}
@Article{bott_1998,
  author =	{A. Bott},
  title  =	{A flux method for the numerical solution of the stochastic collection equation.},
  journal=	{Journal of the Atmospheric Sciences},
  year  =	1998,
  volume =	55,
  pages  =	{2284-2293},
}
@Article{Brown_etal_1994,
  author =      {A. R. Brown and S. H. Derbyshire and P. J. Mason},
  title  =      {Large-eddy simulation of stable atmospheric boundary layers with a revised stochastic subgrid model},
  journal=	{Quarterly Journal of the Royal Meteorological Society},
  year   =      1994,
  volume =      120,
  pages  =      {1485-1512},
}

%%%---C---%%%
@misc{CSR_2006,
  author =      {{Committee on Space Research; NASA National Space Science Data Center}},
  year   =      {2006},
  title  =      {COSPAR International Reference Atmosphere (CIRA-86): Global Climatology of Atmospheric Parameters},
  publisher =   {NCAS British Atmospheric Data Centre},
}

%%%---D---%%%
@Article{Deardorff_1980,
  author =	{J. W. Deardorff},
  title  =	{Stratocumulus-capped mixed layers derived from a three-dimensional model},
  journal=	{Boundary-Layer Meteorology},
  year  =	{1980},
  volume =	{18},
  pages  =	{495--527},
}

@Article{dudhia_1989,
  author =	{J. Dudhia},
  title  =	{Numerical study of convection observed during the Winter Monsoon Experiment using a mesoscale two–dimensional model},
  journal=	{J. Atmos. Sci.},
  year  =	{1989},
  volume =	{46},
  pages  =	{3077–-3107},
}


%%%---E---%%%
%%%---F---%%%
@Article{Favre_1983,
  author =	{A. Favre},
  title  =	{Turbulence: Spacetime statistical properties and behavior in supersonic flows},
  journal=	{Physics of Fluids},
  year   =	{1983},
  volume =	{26},
  pages  =	{2851--2863},
}

@techrepo{Fleming_1988,
  author =	{E.L. Fleming and S. Chandra and M.R. Schoeberl and J.J. Barnett},
  title  =	{Monthly mean global climatology of temperature, wind, geopotential height, and pressure for 0-120 km},
  institution =	{NASA Tech. Memo.},
  year   =	{1988},
  number =      {NASA TM-100697},
  pages  =	{85},
  doi    =      {doi:10.1016/0273-1177(90)90230-W},
}

@Article{Fleming_1990,
  author =	{E.L. Fleming and S. Chandra and J.J. Barnett and M. Corney},
  title  =	{Zonal mean temperature, pressure, zonal wind, and geopotential height as functions of latitude, COSPAR International Reference Atmosphere: 1986, Part II: Middle Atmosphere Models},
  journal=      {Adv. Space Res.},
  year   =	{1990},
  volume =	{10},
  number =      {12},
  pages  =	{11--59},
  doi    =      {doi:10.1016/0273-1177(90)90386-E},
}


%%%---G---%%%
@Article{golovin_1963,
  author =	{A. M. Golovin},
  title  =	{The solution of the coagulation equation for cloud droplets in a rising air current},
  journal =     {Izv. Geophys. Ser},
  year   =	{1963},
  volume =	{5},
  pages  =	{482--487},
}
%journal={Bull. Acad. Sci., USSR, Geophys. Ser. X},

%%%---H---%%%
%%%---I---%%%
%%%---J---%%%
%%%---K---%%%
@Article{kessler_1969,
  AUTHOR = {E. Kessler},
  TITLE  = {On the Distribution and Continuity of Water Substance in Atmospheric Circulation},
  JOURNAL = {Meteorological Monograph},
  VOLUME = {10},
  YEAR   = {1969},
  PAGES  = {1--84},
}

@book{Koren_1993,
  title    = {A robust upwind discretization method for advection, diffusion and source terms},
  author   = {Barry Koren},
  year     = {1993},
  publisher= {Centrum voor Wiskunde en Informatica Amsterdam}
}

@Article{kusaka_2001,
  author =	{H. Kusaka and H. Kondo and Y. Kikegawa and F. Kimura},
  title  =	{A simple single-layer urban canopy model for atmospheric models: comparison with multi-layer and slab models},
  journal=	{Boundary-Layer Meteorol.},
  year  =	{2001},
  volume =	{101},
  pages  =	{329--358},
}

%%%---L---%%%
@Article{long_1974,
  author =	{A. Long},
  title  =	{Solutions to the droplet collection equation for polynomial kernels},
  journal=	{Journal of the Atmospheric Sciences},
  year  =	{1974},
  volume =	{31},
  pages  =	{1041--1052},
}
@Article{lilly_1962,
  author =	{D. K. Lilly},
  title  =	{On the numerical simulation of buoyant convection},
  journal=	{Tellus},
  year  =	{1962},
  volume =	{14},
  pages  =	{148–-171},
}

@article{louis_1979,
 author = {Louis, J.-F.},
 title = {A parametric model of vertical eddy fluxes in the atmosphere},
 journal = {Boundary-Layer Meteorol.},
 year = {1979},
 volume = {17},
 pages = {187--202},
 doi = {10.1007/BF00117978},
}

%%%---M---%%%
@Article{Moeng_Wynggard_1988,
  author =	{C.-H. Moeng and J. C. Wyngaard},
  title  =	{Spectral analysis of large-eddy simulation of the convective boundary layer},
  journal=	{Journal of the Atmospheric Sciences},
  year  =	{1988},
  volume =	{45},
  pages  =	{3573--3587},
}


@article{miller_1992,
  author  = {M. J. Miller and A. C. M. Beljaars and T. N. Palmer},
  title   = {The sensitivity of the ECMWF model to the parameterization of evaporation from the tropical oceans},
  year    = {1992},
  journal = {Journal of Climate},
  volume  = {5},
  number  = {5},
  pages   = {418--434},
}

@article{moon_2007,
  author = {Moon, I.-J. and Ginis, I. and Hara, T. and Thomas, B.},
  title = {A physics-based parameterization of air-sea momentum flux at high wind speeds and its impact on hurricane intensity predictions},
  year = {2007},
  journal = {Mon. Weather Rev.},
  volume = {135},
  pages = {2869--2878},
  doi = {10.1175/MWR3432.1},
}

@Article{my_1982,
  author =	{G. L. Mellor and T. Yamada},
  title  =	{Development of a turbulence closure model for geophysical fluid problems},
  journal=	{Rev. Geophys. Space Phys.},
  year  =	{1982},
  volume =	{20},
  pages  =	{851-–875},
}

%%%---N---%%%
@Article{nakanishi_2004,
  author =	{M. Nakanishi and H. Niino},
  title  =	{An improved Mellor-Yamada level-3 model with condensation physics: Its design and verification},
  journal=	{Bound-Lay. Meteorol.},
  year  =	{2004},
  volume =	{112},
  pages  =	{1--31},
}
@Article{nishizawa_2015,
  author =      {S. Nishizawa and H. Yashiro and Y. Sato and Y. Miyamoto and H. Tomita},
  title  =      {Influence of grid aspect ratio on planetary boundary layer turbulence in large-eddy simulations},
  journal=	{Geosci. Model Dev.},
  year   =      {2015},
  volume =      {8},
  number =      {10},
  pages  =      {3393--3419},
  doi    =      {10.5194/gmd-8-3393-2015},
}

%%%---O---%%%
@article{ooyama_2001,
  title  =      {A dynamic and thermodynamic foundation for modeling the moist atmosphere with parameterized microphysics},
  author =      {Ooyama, Katsuyuki V},
  journal=      {Journal of the atmospheric sciences},
  volume =      {58},
  number =      {15},
  pages  =      {2073--2102},
  year   =      {2001}
}

%%%---P---%%%
@Book{pk_1997,
  author       = {H. R. Pruppacher and J. D. Klett},
  title	       = {Microphysics of Clouds and Precipitation,
                  2nd edition},
  publisher    = {Lkuwer Academic Publishers},
  year	       = 1997,
}

%%%---Q---%%%
%%%---R---%%%
@article{Redelsperger2000,
  title={A gcss model intercomparison for a tropical squall line observed during toga-coare. I: Cloud-resolving models},
  author={Redelsperger, J-L and Brown, PRA and Guichard, F and How, C and Kawasima, M and Lang, S and Montmerle, Th and Nakamura, K and Saito, K and Seman, C and others},
  journal={Quarterly Journal of the Royal Meteorological Society},
  volume={126},
  number={564},
  pages={823--863},
  year={2000},
  publisher={Wiley Online Library}
}

@article{Remedios_2007,
  author  = {J. J. Remedios and R. J. Leigh and A. M. Waterfall and D. P. Moore and H. Sembhi and I. Parkes and J. Greenhough and M. P. Chipperfield and D. Hauglustaine},
  title   = {MIPAS reference atmospheres and comparisons to V4.61/V4.62 MIPAS level 2 geophysical data sets},
  journal = {Atmos. Chem. Phys. Discuss.},
  volume  = {7},
  pages   = {9973--10017},
  year    = {2007},
  doi     = {doi:10.5194/acpd-7-9973-2007},
}


@Book{ry_1989,
  author       = {R. R. Rogers and M. K. Yau},
  title	       = {Short Course in Cloud Physics,
                  3rd edition},
  publisher    = {Butterworth-Heinemann, Elsevier},
  year	       = 1989,
  address      = {Unitate States}
}

%%%---S---%%%
@Article{sato_etal_2009,
  author =	{Y. Sato and T. Nakajima and K. Suzuki and T. Iguchi},
  title  =	{Application of a Monte Carlo integration method to collision and coagulation growth processes of hydrometeors in a bin-type model},
  journal=	{Journal of Geophysical Research},
  year   =	{2009},
  volume =	{114},
  number =      {D9},
  pages  =	{D09215, doi:10.1029/2008JD011247},
}
@Article{satoy_2014,
  author = {Y. Sato and S. Nishizawa and H. Yashiro and Y. Miyamoto and H. Tomita},
  title={Potential of retrieving shallow-cloud life cycle from future generation satellite observations through cloud evolution diagrams: A suggestion from a large eddy simulation},
  journal=	{SOLA},
  volume =	{10},
  number =      {0},
  pages  =      {10--14},
  year   =      {2014},
  doi    =      {sola.2014-003},
}
@Article{satoy_2015,
  author =      {Y. Sato and Y. Miyamoto and S. Nishizawa and H. Yashiro and Y. Kajikawa and R. Yoshida and T. Yamaura and H. Tomita},
  title  =      {Horizontal Distance of Each Cumulus and Cloud Broadening Distance Determine Cloud Cover.},
  journal=	{SOLA},
  volume =	{11},
  pages  =      {75--79},
  year   =      {2015},
  doi    =      {doi:10.2151/sola.2015-019},
}
@Article{satoy_2015b,
  author = {Y. Sato and S. Nishizawa and H. Yashiro and Y. Miyamoto and Y. Kajikawa and H. Tomita},
  title  = {Impacts of cloud microphysics on trade wind cumulus: which cloud microphysics processes contribute to the diversity in a large eddy simulation?},
  journal= {Progress in Earth and Planetary Science},
  volume = {2},
  number = {1},
  pages  = {1--16},
  year   = {2015},
  doi    = {10.1186/s40645-015-0053-6},
}

@manual{scale_2015,
  author =	"{Team SCALE}",
  title  =	{The detail formulation of SCALE-RM.},
  organization=	{RIKEN/AICS},
  edition =     {},
  year  =	2015,
  month =       {},
}

@Article{Scotti_1993,
  author =	{A. Scotti and C. Meneveau and D. K. Lilly},
  title  =	{Generalized Smagorinsky model for anisotropic grids},
  journal=	{Physics of Fluids A},
  year  =	{1993},
  volume =	{5},
  pages  =	{2306--2308},
}
@Article{sekiguchi_2008,
  author =	{M. Sekiguchi and T. Nakajima},
  title  =	{A k-distribution-based radiation code and its computational optimization for an atmospheric
                 general circulation model},
  journal=	{J. of Quantitative Spectroscopy and Radiative Transfer},
  year  =	{2008},
  volume =	{109},
  pages  =	{2779-–2793},
}

@article {Shima_etal_2009,
  author  = {Shima, S. and Kusano, K. and Kawano, A. and Sugiyama, T. and Kawahara, S.},
  title   = {The super-droplet method for the numerical simulation of clouds and precipitation: a particle-based
           and probabilistic microphysics model coupled with a non-hydrostatic model},
  journal = {Quarterly Journal of the Royal Meteorological Society},
  volume = {135},
  number = {642},
  doi    = {10.1002/qj.441},
  pages  = {1307--1320},
  year   = {2009},
}

@Article{smagorinsky_1963,
  author =	{Smagorinsky, J.},
  title  =	{General circulation experiments with the primitive equations},
  journal=	{Mon. Weather Rev.},
  year  =	{1963},
  volume =	{91},
  pages  =	{99–-164},
}
@Article{sn_2014,
  author =	{Seiki, T. and T. Nakajima},
  title  =	{Aerosol Effects of the Condensation Process on a Convective Cloud Simulation},
  journal=	{Journal of the Atmospheric Sciences},
  year   =	{2014},
  volume =	{71},
  pages  =	{833--853},
}
@Article{suzuki_etal_2010,
  author =      {Suzuki, K. and T. Nakajima and T. Y. Nakajima and A. P. Khain},
  title  =      {A study of microphysical mechanisms for correlation patterns between droplet radius and optical thickness of warm clouds with a spectral bin microphysics cloud model},
  journal=      {Journal of the Atmospheric Sciences},
  volume =      {67},
  number =      {4},
  pages  =      {1126--1141},
  year   =      {2010}
}


%%%---T---%%%
@article{tomita_2008,
  author ={H. Tomita},
  title  ={New Microphysical Schemes with Five and Six Categories by Diagnostic Generation of Cloud Ice
        (<Special Issue>The International Workshop on High-Resolution and Cloud Modeling, 2006)},
  journal={Journal of the Meteorological Society of Japan. Ser. II},
  year   ={2008},
  volume ={86},
  pages  ={121-142},
}
%URL="http://ci.nii.ac.jp/naid/110007006135/",

%%%---U---%%%
@article{uno_1995,
  title   =     {A simple extension of the Louis method for rough surface layer modelling},
  author  =     {Uno, I and Cai, X-M and Steyn, DG and Emori, S},
  journal =     {Boundary-Layer Meteorology},
  volume  =     {76},
  number  =     {4},
  pages   =     {395--409},
  year    =     {1995},
  publisher=    {Springer}
}

%%%---V---%%%
%%%---W---%%%
@article{Wicker_2002,
  title  = {Time-splitting methods for elastic models using forward time schemes},
  author = {Louis J Wicker and William C Skamarock},
  journal= {Monthly Weather Review},
  volume = {130},
  number = {8},
  pages  = {2088--2097},
  year   = {2002}
}
@Article{wilson_2001,
  author =	{Wilson, D. K.},
  title  =	{An alternative function for the wind and temperature gradients in unstable surface layers},
  journal=	{Bound-Lay. Meteorol.},
  year  =	{2001},
  volume =	{99},
  pages  =	{151-–158},
}
%%%---X---%%%
%%%---Y---%%%

%%%---Z---%%%
@article{zalesak_1979,
 author = {Zalesak, S. T.},
 year = {1979},
 title = {Fully multidimensional flux-corrected transport algorithms for fluids},
 journal = {J. Comput. Phys.},
 volume = {31},
 pages = {335--362},
 doi = {10.1016/0021-9991(79)90051-2},
}